@Book{Mod03,
 title = {{Radiative Heat Transfer}},
 publisher = {Academic Press},
 year = {2003},
 author = {Modest, M.~F.},
 edition = {2nd},
 isbn = {0-12-503163-7}
}
